@String(PAMI = {IEEE Trans. Pattern Anal. Mach. Intell.})
@String(IJCV = {Int. J. Comput. Vis.})
@String(CVPR= {IEEE Conf. Comput. Vis. Pattern Recog.})
@String(ICCV= {Int. Conf. Comput. Vis.})
@String(ECCV= {Eur. Conf. Comput. Vis.})
@String(NIPS= {Adv. Neural Inform. Process. Syst.})
@String(ICPR = {Int. Conf. Pattern Recog.})
@String(BMVC= {Brit. Mach. Vis. Conf.})
@String(TOG= {ACM Trans. Graph.})
@String(TIP  = {IEEE Trans. Image Process.})
@String(TVCG  = {IEEE Trans. Vis. Comput. Graph.})
@String(TMM  = {IEEE Trans. Multimedia})
@String(ACMMM= {ACM Int. Conf. Multimedia})
@String(ICME = {Int. Conf. Multimedia and Expo})
@String(ICASSP=	{ICASSP})
@String(ICIP = {IEEE Int. Conf. Image Process.})
@String(ACCV  = {ACCV})
@String(ICLR = {Int. Conf. Learn. Represent.})
@String(IJCAI = {IJCAI})
@String(PR   = {Pattern Recognition})
@String(AAAI = {AAAI})
@String(CVPRW= {IEEE Conf. Comput. Vis. Pattern Recog. Worksh.})
@String(CSVT = {IEEE Trans. Circuit Syst. Video Technol.})

@String(SPL	= {IEEE Sign. Process. Letters})
@String(VR   = {Vis. Res.})
@String(JOV	 = {J. Vis.})
@String(TVC  = {The Vis. Comput.})
@String(JCST  = {J. Comput. Sci. Tech.})
@String(CGF  = {Comput. Graph. Forum})
@String(CVM = {Computational Visual Media})


@String(PAMI  = {IEEE TPAMI})
@String(IJCV  = {IJCV})
@String(CVPR  = {CVPR})
@String(ICCV  = {ICCV})
@String(ECCV  = {ECCV})
@String(NIPS  = {NeurIPS})
@String(ICPR  = {ICPR})
@String(BMVC  =	{BMVC})
@String(TOG   = {ACM TOG})
@String(TIP   = {IEEE TIP})
@String(TVCG  = {IEEE TVCG})
@String(TCSVT = {IEEE TCSVT})
@String(TMM   =	{IEEE TMM})
@String(ACMMM = {ACM MM})
@String(ICME  =	{ICME})
@String(ICASSP=	{ICASSP})
@String(ICIP  = {ICIP})
@String(ACCV  = {ACCV})
@String(ICLR  = {ICLR})
@String(IJCAI = {IJCAI})
@String(PR = {PR})
@String(AAAI = {AAAI})
@String(CVPRW= {CVPRW})
@String(CSVT = {IEEE TCSVT})

%LSTM
@ARTICLE{10.1162/neco.1997.9.8.1735,
  author={Hochreiter, Sepp and Schmidhuber, JÃ¼rgen},
  journal={Neural Computation},
  title={Long Short-Term Memory},
  year={1997},
  volume={9},
  number={8},
  pages={1735-1780},
  keywords={},
  doi={10.1162/neco.1997.9.8.1735}}

%TCN
@article{DBLP:journals/corr/abs-1803-01271,
	author       = {Shaojie Bai and
	J. Zico Kolter and
	Vladlen Koltun},
	title        = {An Empirical Evaluation of Generic Convolutional and Recurrent Networks
	for Sequence Modeling},
	journal      = {CoRR},
	volume       = {abs/1803.01271},
	year         = {2018},
	url          = {http://arxiv.org/abs/1803.01271},
	eprinttype    = {arXiv},
	eprint       = {1803.01271},
	timestamp    = {Mon, 13 Aug 2018 16:47:39 +0200},
	biburl       = {https://dblp.org/rec/journals/corr/abs-1803-01271.bib},
	bibsource    = {dblp computer science bibliography, https://dblp.org}
}

%GRU
@article{DBLP:journals/corr/ChungGCB14,
	author       = {Junyoung Chung and
	{\c{C}}aglar G{\"{u}}l{\c{c}}ehre and
	KyungHyun Cho and
	Yoshua Bengio},
	title        = {Empirical Evaluation of Gated Recurrent Neural Networks on Sequence
	Modeling},
	journal      = {CoRR},
	volume       = {abs/1412.3555},
	year         = {2014},
	url          = {http://arxiv.org/abs/1412.3555},
	eprinttype    = {arXiv},
	eprint       = {1412.3555},
	timestamp    = {Mon, 13 Aug 2018 16:47:38 +0200},
	biburl       = {https://dblp.org/rec/journals/corr/ChungGCB14.bib},
	bibsource    = {dblp computer science bibliography, https://dblp.org}
}

%RNN
@article{DBLP:journals/corr/ZarembaSV14,
	author       = {Wojciech Zaremba and
	Ilya Sutskever and
	Oriol Vinyals},
	title        = {Recurrent Neural Network Regularization},
	journal      = {CoRR},
	volume       = {abs/1409.2329},
	year         = {2014},
	url          = {http://arxiv.org/abs/1409.2329},
	eprinttype    = {arXiv},
	eprint       = {1409.2329},
	timestamp    = {Mon, 13 Aug 2018 16:47:17 +0200},
	biburl       = {https://dblp.org/rec/journals/corr/ZarembaSV14.bib},
	bibsource    = {dblp computer science bibliography, https://dblp.org}
}

%MLP
@article{Zeng_Chen_Zhang_Xu_2023, 
	title={Are Transformers Effective for Time Series Forecasting?}, 
	volume={37}, 
	url={https://ojs.aaai.org/index.php/AAAI/article/view/26317}, 
	DOI={10.1609/aaai.v37i9.26317}, 
	number={9}, 
	journal={Proceedings of the AAAI Conference on Artificial Intelligence}, 
	author={Zeng, Ailing and Chen, Muxi and Zhang, Lei and Xu, Qiang}, 
	year={2023}, 
	month={Jun.}, 
	pages={11121-11128} 
}

%timesnet
@article{DBLP:journals/corr/abs-2210-02186,
	author       = {Haixu Wu and
	Tengge Hu and
	Yong Liu and
	Hang Zhou and
	Jianmin Wang and
	Mingsheng Long},
	title        = {TimesNet: Temporal 2D-Variation Modeling for General Time Series Analysis},
	journal      = {CoRR},
	volume       = {abs/2210.02186},
	year         = {2022},
	url          = {https://doi.org/10.48550/arXiv.2210.02186},
	doi          = {10.48550/ARXIV.2210.02186},
	eprinttype    = {arXiv},
	eprint       = {2210.02186},
	timestamp    = {Mon, 26 Jun 2023 20:50:17 +0200},
	biburl       = {https://dblp.org/rec/journals/corr/abs-2210-02186.bib},
	bibsource    = {dblp computer science bibliography, https://dblp.org}
}


%atuoformer
@inproceedings{NEURIPS2021_bcc0d400,
	author = {Wu, Haixu and Xu, Jiehui and Wang, Jianmin and Long, Mingsheng},
	booktitle = {Advances in Neural Information Processing Systems},
	editor = {M. Ranzato and A. Beygelzimer and Y. Dauphin and P.S. Liang and J. Wortman Vaughan},
	pages = {22419--22430},
	publisher = {Curran Associates, Inc.},
	title = {Autoformer: Decomposition Transformers with Auto-Correlation for Long-Term Series Forecasting},
	url = {https://proceedings.neurips.cc/paper_files/paper/2021/file/bcc0d400288793e8bdcd7c19a8ac0c2b-Paper.pdf},
	volume = {34},
	year = {2021}
}




%@misc{Authors14,
% author = {FirstName LastName},
% title = {The frobnicatable foo filter},
% note = {Face and Gesture submission ID 324. Supplied as supplemental material {\tt fg324.pdf}},
% year = 2014
%}
%
%@misc{Authors14b,
% author = {FirstName LastName},
% title = {Frobnication tutorial},
% note = {Supplied as supplemental material {\tt tr.pdf}},
% year = 2014
%}
%
%@article{Alpher02,
%author = {FirstName Alpher},
%title = {Frobnication},
%journal = PAMI,
%volume = 12,
%number = 1,
%pages = {234--778},
%year = 2002
%}
%
%@article{Alpher03,
%author = {FirstName Alpher and  FirstName Fotheringham-Smythe},
%title = {Frobnication revisited},
%journal = {Journal of Foo},
%volume = 13,
%number = 1,
%pages = {234--778},
%year = 2003
%}
%
%@article{Alpher04,
%author = {FirstName Alpher and FirstName Fotheringham-Smythe and FirstName Gamow},
%title = {Can a machine frobnicate?},
%journal = {Journal of Foo},
%volume = 14,
%number = 1,
%pages = {234--778},
%year = 2004
%}
%
%@inproceedings{Alpher05,
%author = {FirstName Alpher and FirstName Gamow},
%title = {Can a computer frobnicate?},
%booktitle = CVPR,
%pages = {234--778},
%year = 2005
%}
